%% This BibTeX bibliography file was created using BibDesk.
%% https://bibdesk.sourceforge.io/

%% Created for Daniel Baker at 2023-02-22 11:32:51 +0000 


%% Saved with string encoding Unicode (UTF-8) 



@article{Peikert2021,
	Author = {Peikert, Aaron and Brandmaier, Andreas M.},
	Date-Added = {2023-02-22 11:27:36 +0000},
	Date-Modified = {2023-02-22 11:32:48 +0000},
	Doi = {10.5964/qcmb.3763},
	Issn = {2699-8432},
	Journal = {Quantitative and Computational Methods in Behavioral Sciences},
	Pages = {e3763},
	Publisher = {Leibniz Institute for Psychology (ZPID)},
	Title = {A Reproducible Data Analysis Workflow with {R} Markdown, Git, Make, and Docker},
	Url = {http://dx.doi.org/10.5964/qcmb.3763},
	Volume = {1},
	Year = {2021},
	Bdsk-Url-1 = {http://dx.doi.org/10.5964/qcmb.3763}}
